@book{katz1995race,
  title={Race car aerodynamics: designing for speed},
  author={Katz{,} J.},
  year={1995},
  publisher={R. Bentley}
}

@article{kruger2017lattice,
  title={\uv{The lattice Boltzmann method}},
   author={Kr{\"u}ger{,} T.{,} Kusumaatmaja{,} H.{,} Kuzmin{,} A.{,} Shardt{,} O.{,} Silva{,} G. a Viggen{,} E. M.},
  journal={Springer International Publishing},
  volume={10 \hspace{0.5mm} },
  number={2017},
  year={s. 3--978},
  publisher={Springer}
}

@article{zou1995improved,
  title={\uv{A improved incompressible lattice Boltzmann model for time-independent flows}},
  author={Zou{,} Q.{,} Hou{,} S.{,} Chen{,} S. a Doolen{,} G. D.},
  journal={Journal of Statistical Physics},
  volume={81 \hspace{.5mm}},
  number={1995},
  year={s. 35--48},
  publisher={Springer}
}

@article{geier2007properties,
  title={\uv{Properties of the cascaded lattice Boltzmann automaton}},
  author={Geier{,} M.{,} Greiner{,} A. a Korvink{,} J. G.},
  journal={International Journal of Modern Physics C},
  volume={18.04 \hspace{.5mm}},
  number={2007},
  year={s. 455--462},
  publisher={World Scientific}
}

@article{reynolds1895iv,
  title={\uv{IV. On the dynamical theory of incompressible viscous fluids and the determination of the criterion}},
  author={Reynolds{,} O.},
  journal={Philosophical transactions of the royal society of london.(a.)},
  volume={186 \hspace{.5mm}},
  number={1895},
  year={s. 123--164},
  publisher={The Royal Society London}
}

@mastersthesis{eichler2016matematicke,
  title={Matematick{\'e} modelov{\'a}n{\'\i} subsonick{\'e}ho proud{\v{e}}n{\'\i} okolo p{\v{r}}ek{\'a}{\v{z}}ek pomoc{\'\i} metody {L}attice--{B}oltzmann na {GPU}},
  author={Eichler{,} P.},
  type={Bakal\'{a}\v{r}sk\'{a} pr\'{a}ce},
  year={2016},
  school={{\v{C}}esk{\'e} vysok{\'e} u{\v{c}}en{\'\i} technick{\'e} v Praze}
}

@article{reynolds1883xxix,
  title={\uv{XXIX. An experimental investigation of the circumstances which determine whether the motion of water shall be direct or sinuous, and of the law of resistance in parallel channels}},
  author={Reynolds{,} O.},
  journal={Philosophical Transactions of the Royal society of London},
  volume={174 \hspace{.5mm}},
  number={1883},
  year={s. 935--982},
  publisher={The Royal Society London}
}

@article{buresti2015note,
  title={\uv{A note on Stokesâ€™ hypothesis}},
  author={Buresti{,} G.},
  journal={Acta Mechanica},
  volume={226.10 \hspace{.5mm}},
  number={2015},
  year={s. 3555--3559},
  publisher={Springer}
}

@book{uruba2014Turbulence,
  title={Turbulence},
  author={Uruba{,} V.},
  year={2014},
  publisher={Nakladatelstv\'{\i} \v{C}VUT}
}

@mastersthesis{eichler2018matematicke,
  title={Matematick{\'e} modelov{\'a}n{\'\i} interakce elastick\'{e}ho t\v{e}lesa s nestla\v{c}itelnou tekutinou},
  author={Eichler{,} P.},
  type={Diplomov\'{a} pr\'{a}ce},
  year={2018},
  school={{\v{C}}esk{\'e} vysok{\'e} u{\v{c}}en{\'\i} technick{\'e} v Praze}
}

@article{bouzidi2001momentum,
  title={\uv{Momentum transfer of a Boltzmann-lattice fluid with boundaries}},
  author={Bouzidi{,} M.{,} Firdaouss{,} M. a Lallemand{,} P.},
  journal={Physics of fluids},
  volume={13.11 \hspace{.5mm}},
  number={2001},
  year={s. 3452--3459},
  publisher={American Institute of Physics}
}

@article{d1992generalized,
  title={\uv{Generalized lattice-Boltzmann equations}},
  author={d'Humi{\`e}res{,} D.},
  journal={Rarefied gas dynamics},
  volume={159 \hspace{.5mm}},
  number={1992},
  publisher={AIAA},
  year={s. 450--458},
}

@book{guo2013lattice,
  title={Lattice Boltzmann method and its application in engineering},
  author={Guo{,} Z. a Shu{,} C.},
  year={2013},
  publisher={Sv. 3. World Scientific}
}

@article{mei2002force,
  title={\uv{Force evaluation in the lattice Boltzmann method involving curved geometry}},
  author={Mei{,} R.{,} Yu{,} D.{,} Shyy{,} W. a Luo{,} L. S.},
  journal={Physical Review E},
  volume={65.4 \hspace{.5mm}},
  number={2002},
  year={s. 041203},
  publisher={APS}
}

@article{schafer1996benchmark,
  title={\uv{Benchmark computations of laminar flow around a cylinder}},
  author={Sch{\"a}fer{,} M.{,} Turek{,} S.{,} Durst{,} F.{,} Krause{,} E. a Rannacher{,} R.},
  journal={Flow simulation with high-performance computers II},
  volume={\hspace{0mm}},
  number={1996},
  year={s. 547--566},
  publisher={Springer}
}

@article{geier2015cumulant,
  title={\uv{The cumulant lattice Boltzmann equation in three dimensions: Theory and validation}},
  author={Geier{,} M.{,} Sch{\"o}nherr{,} M.{,} Pasquali{,} A. a Krafczyk{,} M.},
  journal={Computers \& Mathematics with Applications},
  volume={70.4 \hspace{.5mm}},
  number={2015},
  year={s. 507--547},
  publisher={Elsevier}
}

@article{bhatnagar1954model,
  title={\uv{A model for collision processes in gases. I. Small amplitude processes in charged and neutral one-component systems}},
  author={Bhatnagar{,} P. L.{,} Gross{,} E. P. a Krook{,} M.},
  journal={Physical review},
  volume={94.3 \hspace{.5mm}},
  number={1954},
  year={s. 511},
  publisher={APS}
}

@book{white2006viscous,
  title={Viscous fluid flow},
  author={White{,} F. M. a Majdalani{,} J.},
  year={2006},
  publisher={Sv. 3. McGraw-Hill New York}
}

@mastersthesis{BP_DH,
  title={Matematick{\'e} modelov{\'a}n{\'\i} proud\v{e}n\'{\i} a obt\'{e}k\'{a}n\'{\i} p\v{r}ek\'{a}\v{z}ek pomoc{\'\i} m\v{r}\'{\i}\v{z}kov\'{e} Boltzmannovy metody},
  author={Hor\'{a}k{,} D.},
  type={Bakal\'{a}\v{r}sk\'{a} pr\'{a}ce},
  year={2022},
  school={{\v{C}}esk{\'e} vysok{\'e} u{\v{c}}en{\'\i} technick{\'e} v Praze}
}

@book{landau2013fluid,
  title={Fluid Mechanics: Landau and Lifshitz: Course of Theoretical Physics},
  author={Landau{,} L. D. a  Lifshitz{,} E. M.},
  year={2013},
  publisher={Sv. 6{,} Elsevier}
}


@article{ruzicka2008dimensionless,
  title={On dimensionless numbers},
  author={Ruzicka{,} M. C.},
  journal={Chemical Engineering Research and Design},
  volume={86 \hspace{.5mm}},
  number={2008},
  year={s. 835-868},
  publisher={Elsevier}
}


@book{mika1999chemicke,
  title={Chemick{\'e} in{\v{z}}en{\`y}rstv{\'\i} II},
  author={M{\'\i}ka{,} V. a Neu{\v{z}}il{,} L.},
  year={1999},
  publisher={Vysok{\'a} {\v{s}}kola chemicko-technologick{\'a}}
}

@misc{eForce_FS,
    author = {eForce FEE Prague Formula},
    title = {Nav\v{s}t\'{\i}veno: 12.05.2023},
    note  = {URL: \url{https://eforce.cvut.cz/}}
}


@misc{FS,
    author = {Formula Student},
    title = {Nav\v{s}t\'{\i}veno: 12.05.2023},
    note  = {URL: \url{https://www.global-formula-racing.com/en/formula-student/}}
}

